@InProceedings{Arthur-Vassilvitskii-2007,
    Author        = {David Aurthur and Sergei Vassilvitskii},
    Booktitle     = {Proceedings of the eighteenth annual ACM-SIAM symposium on Discrete algorithms},
    Organization  = {Society for Industrial and Applied Mathematics},
    Pages         = {1027--1035},
    Title         = {\texttt{k-means++}: The Advantages of Careful Seeding},
    Year          = {2007},
}

